@String{AAAI = {Proceedings of the AAAI Conference on Artificial Intelligence}}
@String{ACL = {Proceedings of the Association for Computational Linguistics (ACL)}}
@String{JCDL = {Proceedings of the ACM+IEEE-CS Joint Conference on Digital Libraries (JCDL)}}
@String{ICDAR = {Proceedings of the International Conference on Document Analysis and Recognition (ICDAR)}}
@String{ICLR = {Proceedings of the International Conference on Learning Representations (ICLR)}}
@String{NAACL = {Proceedings of the Conference on Human Language Technology of the North American Chapter of the Association for Computational Linguistics (HLT-NAACL)}}

@InProceedings{dong18:acl,
  author =	 {Rui Dong and David A. Smith},
  title =	 {Multi-Input Attention for Unsupervised {OCR}
                  Correction},
  booktitle =	 ACL,
  year =	 2018,
  sortmonth =	 07,
  pdf = 	 {dong-smith-acl-2018.pdf}
}
